<?xml version="1.0" encoding="UTF-8"?>
<SOAP-ENV:Envelope xmlns:SOAP-ENV="http://schemas.xmlsoap.org/soap/envelope/" xmlns:of="http://oss.dbc.dk/ns/openformat" xmlns:ofo="http://oss.dbc.dk/ns/openformatoutput"><SOAP-ENV:Body><of:formatResponse><marc:record xmlns:marc="http://www.loc.gov/MARC21/slim"><leader>00000nam a22000000c 4500</leader><controlfield tag="001">870970:06920330</controlfield><controlfield tag="003">DKDLA</controlfield><controlfield tag="005">20010128224732.0</controlfield><controlfield tag="007">ta</controlfield><controlfield tag="008">890829r19961989dk |||||| ||| 00||udan||</controlfield><datafield ind1="1" ind2=" " tag="100"><subfield code="a">Handford, Martin</subfield></datafield><datafield ind1=" " ind2="0" tag="245"><subfield code="a">Find Holger på den eventyrlige rejse</subfield></datafield><datafield ind1=" " ind2=" " tag="260"><subfield code="b">Apostrof,</subfield><subfield code="c">1996</subfield></datafield><datafield ind1=" " ind2=" " tag="300"><subfield code="a">[28] sider</subfield></datafield></marc:record></of:formatResponse></SOAP-ENV:Body></SOAP-ENV:Envelope>
